<?xml version="1.0" encoding="UTF-8"?><collection xmlns="http://www.loc.gov/MARC21/slim"><record><leader>00458nam--2200169-i-4500</leader><controlfield tag="001">000022037</controlfield><controlfield tag="002">20161230</controlfield><controlfield tag="005">20161230201034</controlfield><controlfield tag="008">060222s1000------------r-----000-0-eng-d</controlfield><datafield ind1=" " ind2=" " tag="040"><subfield code="a">IFIN-HH</subfield></datafield><datafield ind1=" " ind2=" " tag="080"><subfield code="a">539.22:539.3</subfield></datafield><datafield ind1="1" ind2=" " tag="100"><subfield code="a">Hearmon, R.F.S</subfield></datafield><datafield ind1="1" ind2="0" tag="245"><subfield code="a">An introduction to applied anisotropic elasticity</subfield><subfield code="c">R.f.s. hearmon</subfield></datafield><datafield ind1=" " ind2=" " tag="260"><subfield code="a">Oxford</subfield><subfield code="b">University Press</subfield><subfield code="c">1961</subfield></datafield><datafield ind1=" " ind2=" " tag="300"><subfield code="a">VIII + 136 P</subfield></datafield><datafield ind1=" " ind2=" " tag="852"><subfield code="a">17546</subfield><subfield code="c">539.3</subfield></datafield><datafield ind1=" " ind2=" " tag="CAT"><subfield code="a">Sys</subfield><subfield code="c">20121220</subfield><subfield code="h">154659</subfield></datafield></record></collection>